% In . ACM, New York, NY, USA, , Article 8 , 10 pages.
@ARTICLE{Suh:2009,
	AUTHOR = "Bongwon Suh and Gregorio Convertino and Ed H. Chi and Peter Pirolli",
	TITLE = "The singularity is not near: slowing growth of Wikipedia",
	JOURNAL = "Proceedings of the 5th International Symposium on Wikis and Open Collaboration (WikiSym '09)",
	YEAR = {2009}	}

% 36, 2, Article 1 (June 2006).
@ARTICLE{Kuznetsov:2006,
	AUTHOR = "Stacey Kuznetsov",
	TITLE = "Motivations of contributors to Wikipedia",
	JOURNAL = "SIGCAS Comput. Soc",
	VOLUME = {36},
	NUMBER = {2},
	MONTH = "June",
	YEAR = {2006}	}

% . . Wikipedia Study. UNU-MERIT. Retrieved 20 July 2011
@ARTICLE{Glott:2010,
	AUTHOR = "Ruediger Glott and Phillipp Schmidt and Rishab Ghosh",
	TITLE = "Wikipedia Survey - Overview of Results",
	JOURNAL = "SIGCAS Comput. Soc",
	PUBLISHER = "UNU-MERIT",
	YEAR = {2010}	}

@ARTICLE{Olfman:1991,
	AUTHOR = "L Olfman and R P Bostrom",
	TITLE = "End-user software training: an experimental comparison of methods to enhance motivation",
	JOURNAL = "Information Systems Journal",
	PUBLISHER = "Blackwell Publishing Ltd",
	VOLUME = {1},
	NUMBER = {4},
	YEAR = {1991}	}

% New York, NY, USA
@ARTICLE{Notari:2006,
	AUTHOR = "Michele Notari",
	TITLE = "How to use a Wiki in education: Wiki based effective constructive learning",
	JOURNAL = "Proceedings of the 2006 international symposium on Wikis (WikiSym '06)",
	PUBLISHER = "ACM",
	VOLUME = {1},
	NUMBER = {4},
	PAGES = {131-132},
	YEAR = {2006}	}

@ARTICLE{Garris:2002,
	AUTHOR = "Rosemary Garris and Robert Ahlers and James E. Driskell",
	TITLE = "Motivation, and Learning: A Research and Practice Model",
	JOURNAL = "Simulation \& Gaming",
	NUMBER = {33},
	PAGES = {441-467},
	MONTH = "December",
	YEAR = {2002}	}

@ARTICLE{Olfman:1994,
	AUTHOR = "Lorne Olfman and Munir Mandviwalla",
	TITLE = "Conceptual versus Procedural Software Training for Graphical User Interfaces: A Longitudinal Field Experiment",
	JOURNAL = "MIS Quarterly",
	VOLUME = {18},
	NUMBER = {4},
	PAGES = {405-426},
	MONTH = "December",
	YEAR = {1994}}

% (http://www.gamesconference.org/digra2005/overview.php).
@ARTICLE{Paras:2005,
	AUTHOR = "Brad Paras and Jim Bizzocchi",
	TITLE = "Game, motivation, and effective learning: An integrated model for educational game design",
	JOURNAL = "International DiGRA Conference, June 16th - 20th, 2005, Vancouver, British Columbia, Canada ",
	MONTH = "June",
	YEAR = {2005}}

% (06 May 1988), See risk-resolution/prototype stages.
@ARTICLE{Boehm:1988,
	AUTHOR = "B. W. Boehm",
	TITLE = "A spiral model of software development and enhancement",
	JOURNAL = "Computer",
	VOLUME = {21},
	NUMBER = {5},
	PAGES = {61-72},
	MONTH = "May",
	YEAR = {1988}}

